@book{ChUGAI,
    author    = {V. J. Cook and Mark Newson},
    title     = {Chomsky's Universal Grammar: An Introduction},
    publisher = {Blackwell Publishing},
    year      = {2007},
    edition   = {3},
}

@article {Greenberg473,
	author = {Greenberg, Joseph H.},
	title = {Language Universals: A Research Frontier},
	volume = {166},
	number = {3904},
	pages = {473--478},
	year = {1969},
	doi = {10.1126/science.166.3904.473},
	publisher = {American Association for the Advancement of Science},
	issn = {0036-8075},
	URL = {https://science.sciencemag.org/content/166/3904/473},
	eprint = {https://science.sciencemag.org/content/166/3904/473.full.pdf},
	journal = {Science}
}

@article{Chomsky80,
	title={Rules and representations},
	volume={3},
	DOI={10.1017/S0140525X00001515},
	number={1},
	journal={Behavioral and Brain Sciences},
	publisher={Cambridge University Press},
	author={Chomsky, Noam},
	year={1980}
}

@book{Chomsky95,
	author = {Chomsky, Noam},
	year = {2014},
	month = {01},
	pages = {29--30},
	title = {The Minimalist Program},
	isbn = {9780262327282},
	doi = {10.7551/mitpress/9780262527347.001.0001}
}

@article{Carr05,
	title={Noam Chomsky, The architecture of language},
	volume={41},
	DOI={10.1017/S002222670523339X},
	number={2}, 
	journal={Journal of Linguistics},
	publisher={Cambridge University Press},
	author={Carr, Philip},
	year={2005},
	pages={445â€“-452}
}

@article{Cipriani15,
	title = {The Generative Grammar between Philosophy and Science},
	author = {Cipriani, Enrico},
	journal = {European Journal of Literature and Linguistics},
	issue = {4},
	pages = {12--16},
	publisher = {East West Association for Advanced Studies and Higher Education GmbH},
}

@book{Quine60,
	title = {Word and object: An inquiry into the linguistic mechanisms of objective reference},
	author = {Willard Van Orman Quine},
	year = {1960},
	isbn = {0262670011},
}

@book{Lang14,
  title={Toki Pona: The Language of Good},
  author={Lang, S.},
  isbn={9780978292300},
  lccn={2003461627},
  url={https://books.google.ch/books?id=5P0ZjwEACAAJ},
  year={2014},
  publisher={Great Britain}
}


@book{Quijada11,
  title={A Grammar of the Ithkuil Language},
  author={Quijada, J.},
  url={https://books.google.ch/books?id=HkNTMwEACAAJ},
  year={2011}
}
